<record><leader>00000cas a2200000 a 4500</leader><controlfield tag="001">11491674</controlfield><controlfield tag="008">841214d18661887cauwr ne      0    0eng c</controlfield><datafield ind1=" " ind2=" " tag="010"><subfield code="a">sn 84038763 </subfield></datafield><datafield ind1=" " ind2=" " tag="040"><subfield code="a">NPX</subfield><subfield code="b">eng</subfield><subfield code="c">NPX</subfield><subfield code="d">NNX</subfield><subfield code="d">CNK</subfield><subfield code="d">OCLCQ</subfield><subfield code="d">CNK</subfield><subfield code="d">OCLCQ</subfield><subfield code="d">OCLCF</subfield><subfield code="d">OCLCO</subfield></datafield><datafield ind1="1" ind2=" " tag="029"><subfield code="a">AU@</subfield><subfield code="b">000020346030</subfield></datafield><datafield ind1=" " ind2=" " tag="042"><subfield code="a">pcc</subfield></datafield><datafield ind1=" " ind2=" " tag="043"><subfield code="a">n-us-ca</subfield></datafield><datafield ind1="0" ind2=" " tag="130"><subfield code="a">Weekly Butte record (Oroville, Calif. : 1866)</subfield></datafield><datafield ind1="1" ind2="4" tag="245"><subfield code="a">The weekly Butte record.</subfield></datafield><datafield ind1="1" ind2="3" tag="246"><subfield code="a">Butte record</subfield></datafield><datafield ind1=" " ind2=" " tag="260"><subfield code="a">Oroville [Calif.] :</subfield><subfield code="b">W. DeMott,</subfield><subfield code="c">1866-</subfield></datafield><datafield ind1=" " ind2=" " tag="300"><subfield code="a">v.</subfield></datafield><datafield ind1=" " ind2=" " tag="310"><subfield code="a">Weekly</subfield></datafield><datafield ind1="0" ind2=" " tag="362"><subfield code="a">Vol. 13, no. 21 (Mar. 24, 1866)-v. 34, no. 16 (Oct. 1, 1887).</subfield></datafield><datafield ind1=" " ind2=" " tag="500"><subfield code="a">Published in Chico, Calif., July 11, 1874-Oct. 1, 1887.</subfield></datafield><datafield ind1=" " ind2=" " tag="530"><subfield code="a">Master negatives are available for duplication from:</subfield><subfield code="b">California Newspaper Microfilm Archive;</subfield><subfield code="c">positive copies may be purchased by the reel; for further information consult the CNMA at:</subfield><subfield code="u">http://cbsr.ucr.edu</subfield></datafield><datafield ind1=" " ind2="0" tag="651"><subfield code="a">Butte County (Calif.)</subfield><subfield code="v">Newspapers.</subfield></datafield><datafield ind1=" " ind2="7" tag="655"><subfield code="a">Newspapers.</subfield><subfield code="2">fast</subfield><subfield code="0">(OCoLC)fst01423814</subfield></datafield><datafield ind1=" " ind2="7" tag="651"><subfield code="a">California</subfield><subfield code="z">Butte County.</subfield><subfield code="2">fast</subfield><subfield code="0">(OCoLC)fst01215262</subfield></datafield><datafield ind1=" " ind2=" " tag="752"><subfield code="a">United States</subfield><subfield code="b">California</subfield><subfield code="c">Butte</subfield><subfield code="d">Chico.</subfield></datafield><datafield ind1=" " ind2=" " tag="752"><subfield code="a">United States</subfield><subfield code="b">California</subfield><subfield code="c">Butte</subfield><subfield code="d">Oroville.</subfield></datafield><datafield ind1="0" ind2=" " tag="775"><subfield code="t">Chico daily evening record</subfield><subfield code="w">(DLC)sn 93052043</subfield></datafield><datafield ind1="0" ind2=" " tag="775"><subfield code="t">Daily Butte record</subfield><subfield code="w">(DLC)sn 86058107</subfield></datafield><datafield ind1="0" ind2="0" tag="780"><subfield code="t">Weekly union record</subfield><subfield code="w">(DLC)sn 86076422</subfield></datafield><datafield ind1="0" ind2="7" tag="785"><subfield code="t">Chico weekly chronicle</subfield><subfield code="w">(DLC)sn 93052032</subfield></datafield><datafield ind1="0" ind2="7" tag="785"><subfield code="t">Chico weekly chronicle-record</subfield><subfield code="w">(DLC)sn 85066376</subfield><subfield code="w">(OCoLC)12904291</subfield></datafield></record>